@misc{DigitalOtionPostgresToK8s,
    author       = "Anish Singh Walia, hitjethva",
    title        = "How to Deploy Postgres to Kubernetes Cluster",
    howpublished = "Dostęp zdalny (06.01.2025): \url{https://www.digitalocean.com/community/tutorials/how-to-deploy-postgres-to-kubernetes-cluster}",
    year         = "2019"
}

@misc{FastapiAuthLearn,
    author       = "fastapi",
    title        = "OAuth2 with Password (and hashing), Bearer with JWT tokens",
    howpublished = "Dostęp zdalny (06.01.2025): \url{https://fastapi.tiangolo.com/tutorial/security/oauth2-jwt/}",
    year         = ""
}

@misc{ELKTutorial,
    author       = "Michael Guay",
    title        = "Filebeat + Elk Stack Tutorial With Kubernetes",
    howpublished = "Dostęp zdalny (06.01.2025): \url{https://www.youtube.com/watch?v=SU--XMhbWoY&t=3s}",
    year         = "2022"
}


@article{KubernetesVSDockerSwarm,
author = {Marella, Venkat},
year = {2024},
month = {10},
pages = {526-543},
title = {Comparative Analysis of Container Orchestration Platforms: Kubernetes vs. Docker Swarm},
volume = {11},
journal = {International Journal of Scientific Research in Science and Technology},
doi = {10.32628/IJSRST24105254}
}


@Article{fi16100382,
AUTHOR = {Salunke, Sanket Vilas and Ouda, Abdelkader},
TITLE = {A Performance Benchmark for the PostgreSQL and MySQL Databases},
JOURNAL = {Future Internet},
VOLUME = {16},
YEAR = {2024},
NUMBER = {10},
ARTICLE-NUMBER = {382},
URL = {https://www.mdpi.com/1999-5903/16/10/382},
ISSN = {1999-5903},
DOI = {10.3390/fi16100382}
}

@inproceedings{ImpactOfORM,
author = {Colley, Derek and Stanier, Clare and Asaduzzaman, Md},
year = {2018},
month = {10},
pages = {},
title = {The Impact of Object-Relational Mapping Frameworks on Relational Query Performance},
doi = {10.1109/iCCECOME.2018.8659222}
}